<record><leader>00000cas a2200000 a 4500</leader><controlfield tag="001">36670636</controlfield><controlfield tag="008">970403d19uu1995fluwr ne      0    0eng c</controlfield><datafield ind1=" " ind2=" " tag="010"><subfield code="a">sn 97027559 </subfield></datafield><datafield ind1=" " ind2=" " tag="040"><subfield code="a">FUG</subfield><subfield code="b">eng</subfield><subfield code="c">FUG</subfield><subfield code="d">OCLCQ</subfield><subfield code="d">OCLCF</subfield><subfield code="d">OCLCO</subfield></datafield><datafield ind1="1" ind2=" " tag="029"><subfield code="a">AU@</subfield><subfield code="b">000013196474</subfield></datafield><datafield ind1=" " ind2=" " tag="042"><subfield code="a">pcc</subfield></datafield><datafield ind1=" " ind2=" " tag="043"><subfield code="a">n-us-fl</subfield></datafield><datafield ind1="0" ind2="0" tag="245"><subfield code="a">Highlands press.</subfield></datafield><datafield ind1="1" ind2="3" tag="246"><subfield code="a">Press</subfield></datafield><datafield ind1=" " ind2=" " tag="260"><subfield code="a">Highland City, Fla. :</subfield><subfield code="b">Press Newspapers of Florida,</subfield><subfield code="c">-1995.</subfield></datafield><datafield ind1=" " ind2=" " tag="300"><subfield code="a">v.</subfield></datafield><datafield ind1=" " ind2=" " tag="310"><subfield code="a">Weekly</subfield></datafield><datafield ind1="0" ind2=" " tag="362"><subfield code="a">-Apr. 27, 1995.</subfield></datafield><datafield ind1=" " ind2=" " tag="500"><subfield code="a">"Edition of Mulberry Press."</subfield></datafield><datafield ind1=" " ind2=" " tag="588"><subfield code="a">Description based on: Jan. 6, 1994.</subfield></datafield><datafield ind1=" " ind2="0" tag="651"><subfield code="a">Highland City (Fla.)</subfield><subfield code="v">Newspapers.</subfield></datafield><datafield ind1=" " ind2="0" tag="651"><subfield code="a">Polk County (Fla.)</subfield><subfield code="v">Newspapers.</subfield></datafield><datafield ind1=" " ind2="7" tag="655"><subfield code="a">Newspapers.</subfield><subfield code="2">fast</subfield><subfield code="0">(OCoLC)fst01423814</subfield></datafield><datafield ind1=" " ind2="7" tag="651"><subfield code="a">Florida</subfield><subfield code="z">Highland City.</subfield><subfield code="2">fast</subfield><subfield code="0">(OCoLC)fst01288431</subfield></datafield><datafield ind1=" " ind2="7" tag="651"><subfield code="a">Florida</subfield><subfield code="z">Polk County.</subfield><subfield code="2">fast</subfield><subfield code="0">(OCoLC)fst01214944</subfield></datafield><datafield ind1=" " ind2=" " tag="752"><subfield code="a">United States</subfield><subfield code="b">Florida</subfield><subfield code="c">Polk</subfield><subfield code="d">Highland City.</subfield></datafield><datafield ind1="0" ind2="7" tag="785"><subfield code="t">Mulberry press</subfield><subfield code="w">(DLC)sn 97027558</subfield><subfield code="w">(OCoLC)36670634</subfield></datafield><datafield ind1="0" ind2="7" tag="785"><subfield code="t">Polk County press (Mulberry, Fla. : Mulberry/South Lakeland/Highlands ed.)</subfield><subfield code="w">(DLC)sn 97027560</subfield><subfield code="w">(OCoLC)36670641</subfield></datafield></record>